
@article(Molnar1994,
	author = "Steven Molnar and Michael Cox and David Ellsworth and Henry Fuchs",
	title = "A Sorting Classification of Parallel Rendering",
	journal = "IEEE Computer Graphics and Applications",
	pages = "23--32",
	month = "July",
	year = "1994"
)

@article(Wylie2001,
	author = "Brian Wylie and Constantine Pavlakos and Vasily Lewis and Kenneth Moreland",
	title = "Scalable Rendering on {PC} Clusters",
	journal = "IEEE Computer Graphics and Applications",
	volume = "21",
	number = "4",
	pages = "62--70",
	month = "July/August",
	year = "2001"
)

@inproceedings(Moreland2001,
	author = "Kenneth Moreland and Brian Wylie and Constantine Pavlakos",
	title = "Sort-Last Parallel Rendering for Viewing Extremely Large Data Sets on Tile Displays",
	booktitle = "Proceedings of the IEEE 2001 Symposium on Parallel and Large-Data Visualization and Graphics",
	pages = "85--92",
	month = "October",
	year = "2001"
)

@article(Childs2007,
	author = "Hank Childs",
	title = "Architectural Challenges and Solutions for Petascale Postprocessing",
	journal = "Journal of Physics: Conference Series",
	volume = "78",
	number = "012012",
	year = "2007",
	note = "DOI=10.1088/1742-6596/78/1/012012"
)

@article(Childs2010,
	author = "Hank Childs and David Pugmire and Sean Ahern and Brad Whitlock and Mark Howison and Prabhat and Gunther H. Weber and E. Wes Bethel",
	title = "Extreme Scaling of Production Visualization Software on Diverse Architectures",
	journal = "IEEE Computer Graphics and Applications",
	volume = "30",
	number = "3",
	pages = "22--31",
	month = "May/June",
	year = "2010",
	note = "DOI=10.1109/MCG.2010.51"
)

@article(Ma2009:SciDACReview,
	author = "Kwan-Liu Ma and Chaoli Wang and Hongfeng Yu and Kenneth Moreland and Jian Huang and Rob Ross",
	title = "Next-Generation Visualization Technologies: Enabling Discoveries at Extreme Scale",
	journal = "SciDAC Review",
	number = "12",
	pages = "12--21",
	month = "Spring",
	year = "2009"
)

@article(Ma2009:CG&A,
	author = "Kwan-Liu Ma",
	title = "In Situ Visualization at Extreme Scale: Challenges and Opportunities",
	journal = "IEEE Computer Graphics and Applications",
	volume = "29",
	number = "6",
	pages = "14--19",
	month = "November/December",
	year = "2009",
	note = "DOI=10.1109/MCG.2009.120"
)

@article(Yu2010,
	author = "Hongfeng Yu and Chaoli Wang and Ray W. Grout and Jacqueline H. Chen and Kwan-Liu Ma",
	title = "In Situ Visualization for Large-Scale Combustion Simulations",
	journal = "IEEE Computer Graphics and Applications",
	volume = "30",
	number = "3",
	pages = "45--57",
	month = "May/June",
	year = "2010",
	note = "DOI=10.1109/MCG.2010.55"
)

@inproceedings(Tu2006,
	author = "Tiankai Tu and Hongfeng Yu and Leonardo Ramirez-Guzman and Jacobo Bielak and Omar Ghattas and Kwan-Liu Ma and David R. O'Hallaron",
	title = "From Mesh Generation to Scientific Visualization: An End-to-End Approach to Parallel Supercomputing",
	booktitle = "Proceedings of the 2006 ACM/IEEE conference on Supercomputing",
	year = "2006"
)

@inproceedings(Peterka2009,
	author = "Tom Peterka and Hongfeng Yu and Robert Ross and Kwan-Liu Ma and Rob Latham",
	title = "End-to-End Study of Parallel Volume Rendering on the IBM Blue Gene/P",
	booktitle = "International Conference on Parallel Processing (ICPP '09)",
	month = "September",
	year = "2009",
	pages = "566--573",
	note = "DOI=10.1109/ICPP.2009.27"
)

@inproceedings(23swap,
	author = "Hongfeng Yu and Chaoli Wang and Kwan-Liu Ma",
	title = "Massively Parallel Volume Rendering Using 2-3 Swap Image Compositing",
	booktitle = "Proceedings of the 2008 ACM/IEEE Conference on Supercomputing",
	month = "November",
	year = "2008",
	note = "DOI=10.1145/1413370.1413419"
)

@inproceedings(radixk,
	author = "Tom Peterka and David Goodell and Robert Ross and Han-Wei Shen and Rajeev Thakur",
	title = "A Configurable Algorithm for Parallel Image-Compositing Applications",
	booktitle = "Proceedings of the Conference on High Performance Computing Networking, Storage and Analysis (SC '09)",
	month = "November",
	year = "2009",
	note = "DOI=10.1145/1654059.1654064"
)

@inproceedings(Kendall2010,
	author = "Wesley Kendall and Tom Peterka and Jian Huang and Han-Wei Shen and Robert Ross",
	title = "Accelerating and Benchmarking Radix-k Image Compositing at Large Scale",
	booktitle = "Eurographics Symposium on Parallel Graphics and Visualization (EGPGV)",
	month = "May",
	year = "2010"
)
